<?xml version="1.0" encoding="UTF-8"?><collection xmlns="http://www.loc.gov/MARC21/slim"><record><leader>00425nam--2200133-i-4500</leader><controlfield tag="001">000008459</controlfield><controlfield tag="002">20161230</controlfield><controlfield tag="005">20161230201027</controlfield><controlfield tag="008">060222s1000------------r-----000-0-eng-d</controlfield><datafield ind1=" " ind2=" " tag="080"><subfield code="a">621.31</subfield></datafield><datafield ind1=" " ind2=" " tag="100"><subfield code="a">Buhus, Pavel</subfield></datafield><datafield ind1=" " ind2=" " tag="245"><subfield code="a">Siguranta sistemelor tehnice complexe cu aplic atii la sisteme electroenergetice.teza de doct orat.rezumat</subfield></datafield><datafield ind1=" " ind2=" " tag="260"><subfield code="a">Bucuresti, Institutul Politehnic  Gh.Gheorghiu Dej, 1967. 46 P</subfield></datafield><datafield ind1=" " ind2=" " tag="852"><subfield code="a">26929</subfield></datafield></record></collection>